
@article{r.fundation2021,
	title = {The Comprehensive R Archive Network.  Download and Install R},
	author = {{R. Fundation}, {}},
	year = {2021},
	date = {2021},
	url = {https://cran.itam.mx/}
}

@article{r.fundation2021a,
	title = {The Comprehensive R Archive Network.  Download and Install R},
	author = {{R. Fundation}, {}},
	year = {2021},
	date = {2021},
	url = {https://cran.itam.mx/}
}
